@article{economou2015stochastic,
  title={A stochastic {SIS} epidemic model with heterogeneous contacts},
  author={Economou, A and G{\'o}mez-Corral, A and L{\'o}pez-Garc{\'\i}a, M},
  journal={Physica A: Statistical Mechanics and its Applications},
  volume={421},
  pages={78--97},
  year={2015},
  publisher={Elsevier}
}
@article{lopez2016stochastic,
  title={Stochastic descriptors in an {SIR} epidemic model for heterogeneous individuals in small networks},
  author={L{\'o}pez-Garc{\'\i}a, M},
  journal={Mathematical Biosciences},
  volume={271},
  pages={42--61},
  year={2016},
  publisher={Elsevier}
}
@article{ballard2016probability,
  title={The probability of epidemic fade-out is non-monotonic in transmission rate for the Markovian {SIR} model with demography},
  author={Ballard, PG and Bean, NG and Ross, JV},
  journal={Journal of Theoretical Biology},
  volume={393},
  pages={170--178},
  year={2016},
  publisher={Elsevier}
}
@article{gomes2004infection,
  title={Infection, reinfection, and vaccination under suboptimal immune protection: epidemiological perspectives},
  author={Gomes, MGM and White, LJ and Medley, GF},
  journal={Journal of Theoretical Biology},
  volume={228},
  number={4},
  pages={539--549},
  year={2004},
  publisher={Elsevier}
}
@article{pastor2001epidemic,
  title={Epidemic spreading in scale-free networks},
  author={Pastor-Satorras, R and Vespignani, A},
  journal={Physical Review Letters},
  volume={86},
  number={14},
  pages={3200},
  year={2001},
  publisher={APS}
}
@article{li2012susceptible,
  title={Susceptible-infected-susceptible model: A comparison of {N}-intertwined and heterogeneous mean-field approximations},
  author={Li, C and van de Bovenkamp, R and Van Mieghem, P},
  journal={Physical Review E},
  volume={86},
  number={2},
  pages={026116},
  year={2012},
  publisher={APS}
}
@article{youssef2011individual,
  title={An individual-based approach to {SIR} epidemics in contact networks},
  author={Youssef, M and Scoglio, C},
  journal={Journal of Theoretical Biology},
  volume={283},
  number={1},
  pages={136--144},
  year={2011},
  publisher={Elsevier}
}
@article{gomes2005reinfection,
  title={The reinfection threshold},
  author={Gomes, MGM and White, LJ and Medley, GF},
  journal={Journal of Theoretical Biology},
  volume={236},
  number={1},
  pages={111--113},
  year={2005},
  publisher={Elsevier}
}
@article{grenfell2001travelling,
  title={Travelling waves and spatial hierarchies in measles epidemics},
  author={Grenfell, BT and Bj{\o}rnstad, ON and Kappey, J},
  journal={Nature},
  volume={414},
  number={6865},
  pages={716--723},
  year={2001},
  publisher={Nature Publishing Group}
}
@inproceedings{camacho2011explaining,
  title={Explaining rapid reinfections in multiple-wave influenza outbreaks: {T}ristan da {C}unha 1971 epidemic as a case study},
  author={Camacho, A and Ballesteros, S and Graham, AL and Carrat, F and Ratmann, O and Cazelles, B},
  booktitle={Proc. R. Soc. B},
  volume={278},
  number={1725},
  pages={3635--3643},
  year={2011},
  organization={The Royal Society}
}
@article{artalejo2011sis,
  title={The {SIS} and {SIR} stochastic epidemic models: a maximum entropy approach},
  author={Artalejo, JR and L\'opez-Herrero, MJ},
  journal={Theoretical Population Biology},
  volume={80},
  number={4},
  pages={256--264},
  year={2011},
  publisher={Elsevier}
}
@article{artalejo2010number,
  title={On the number of recovered individuals in the {SIS} and {SIR} stochastic epidemic models},
  author={Artalejo, JR and Economou, A and Lopez-Herrero, MJ},
  journal={Mathematical Biosciences},
  volume={228},
  number={1},
  pages={45--55},
  year={2010},
  publisher={Elsevier}
}
@article{stone2008stochastic,
  title={A stochastic model for head lice infections},
  author={Stone, P and Wilkinson-Herbots, H and Isham, V},
  journal={Journal of Mathematical Biology},
  volume={56},
  number={6},
  pages={743--763},
  year={2008},
  publisher={Springer}
}
@article{hotta2010bayesian,
  title={Bayesian melding estimation of a stochastic {SEIR} model},
  author={Hotta, LK},
  journal={Mathematical Population Studies},
  volume={17},
  number={2},
  pages={101--111},
  year={2010},
  publisher={Taylor \& Francis}
}
@article{pellis2012reproduction,
  title={Reproduction numbers for epidemic models with households and other social structures {I}: definition and calculation of {$R_0$}},
  author={Pellis, L and Ball, F and Trapman, P},
  journal={Mathematical Biosciences},
  volume={235},
  number={1},
  pages={85--97},
  year={2012},
  publisher={Elsevier}
}
@article{ball2016reproduction,
  title={Reproduction numbers for epidemic models with households and other social structures {II}: comparisons and implications for vaccination},
  author={Ball, F and Pellis, L and Trapman, P},
  journal={Mathematical Biosciences},
  volume={274},
  pages={108--139},
  year={2016},
  publisher={Elsevier}
}
@article{breban2005reinfection,
  title={The reinfection threshold does not exist},
  author={Breban, R and Blower, S},
  journal={Journal of Theoretical Biology},
  volume={235},
  number={2},
  pages={151--152},
  year={2005},
  publisher={Academic Press}
}
@article{rodrigues2009heterogeneity,
  title={Heterogeneity in susceptibility to infection can explain high reinfection rates},
  author={Rodrigues, P and Margheri, A and Rebelo, C and Gomes, MGM},
  journal={Journal of Theoretical Biology},
  volume={259},
  number={2},
  pages={280--290},
  year={2009},
  publisher={Elsevier}
}
@article{graw2012agent,
  title={Agent-based and phylogenetic analyses reveal how {HIV}-1 moves between risk groups: injecting drug users sustain the heterosexual epidemic in {L}atvia},
  author={Graw, F and Leitner, T and Ribeiro, RM},
  journal={Epidemics},
  volume={4},
  number={2},
  pages={104--116},
  year={2012},
  publisher={Elsevier}
}
@article{allen2000comparison,
  title={Comparison of deterministic and stochastic {SIS} and {SIR} models in discrete time},
  author={Allen, LJS and Burgin, AM},
  journal={Mathematical Biosciences},
  volume={163},
  number={1},
  pages={1--33},
  year={2000},
  publisher={Elsevier}
}
@article{meerson2009wkb,
  title={{WKB} theory of epidemic fade-out in stochastic populations},
  author={Meerson, B and Sasorov, PV},
  journal={Physical Review E},
  volume={80},
  number={4},
  pages={041130},
  year={2009},
  publisher={APS}
}
@article{van1997stochastic,
  title={Stochastic epidemics: the probability of extinction of an infectious disease at the end of a major outbreak},
  author={van Herwaarden, OA},
  journal={Journal of Mathematical Biology},
  volume={35},
  number={7},
  pages={793--813},
  year={1997},
  publisher={Springer}
}
